% Encoding: UTF-8

@Book{Wolfson2007,
  title     = {Essential University Physics},
  publisher = {Pearson Addison Wesley},
  year      = {2007},
  author    = {Richard Wolfson},
  editor    = {Adam Black, Ph. D},
  volume    = {1},
  edition   = {First Edition},
}

@Misc{NASA2014,
  author       = {NASA},
  title        = {Extra-vehicular Activity (EVA) - US and Russia},
  howpublished = {NASA's Open Data Portal},
  month        = jul,
  year         = {2014},
  url          = {https://data.nasa.gov/Raw-Data/Extra-vehicular-Activity-EVA-US-and-Russia/9kcy-zwvn},
}

@Misc{Goldsmith2017,
  author       = {Jonathan Goldsmith},
  title        = {python wikipedia API},
  howpublished = {https://github.com/goldsmith/Wikipedia},
  year         = {2017},
  url          = {https://pypi.python.org/pypi/wikipedia},
}

@Misc{Kurtovic2017,
  author       = {Ben Kurtovic},
  title        = {mwparserfromhell 0.5},
  howpublished = {https://github.com/earwig/mwparserfromhell/tarball/v0.5},
  year         = {2017},
  url          = {https://pypi.python.org/pypi/mwparserfromhell},
}

@Misc{Wikimedia,
  author       = {Wikimedia},
  title        = {Pywikibot},
  howpublished = {https://github.com/wikimedia/pywikibot},
  year         = {2017},
  url          = {https://www.mediawiki.org/wiki/Manual:Pywikibot/Installation},
}

@Misc{stackoverflowquestions,
  author       = {stackoverflow.com/questions},
  title        = {Content of infobox of Wikipedia},
  howpublished = {stackoverflow.com/questions},
  month        = jun,
  year         = {2012},
  url          = {https://stackoverflow.com/questions/8088226/content-of-infobox-of-wikipedia},
}

@Misc{Hutchinson2013,
  author       = {Lee Hutchinson},
  title        = {How NASA steers the International Space Station around space junk},
  howpublished = {arstechnica},
  month        = jul,
  year         = {2013},
  url          = {https://arstechnica.com/science/2013/07/how-nasa-steers-the-international-space-station-around-space-junk/},
}

@Misc{Williams2016,
  author       = {Dr. David R. Williams},
  title        = {Earth Fact Sheet},
  howpublished = {nasa.gov},
  month        = dec,
  year         = {2016},
  note         = {NASA Official: Dr. David R. Williams, david.r.williams@nasa.gov},
  url          = {https://nssdc.gsfc.nasa.gov/planetary/factsheet/earthfact.html},
}

@Misc{Waskom2017,
  author       = {Michael Waskom},
  title        = {seaborn.FacetGrid},
  howpublished = {http://seaborn.pydata.org},
  year         = {2017},
  url          = {http://seaborn.pydata.org/generated/seaborn.FacetGrid.html},
}

@Misc{Community2017,
  author       = {The Scipy Community},
  title        = {scipy.stats.linregress},
  howpublished = {docs.scipy.org},
  month        = oct,
  year         = {2017},
  url          = {https://docs.scipy.org/doc/scipy/reference/generated/scipy.stats.linregress.html},
}

@Misc{Frost2014,
  author       = {Jim Frost},
  title        = {How to Interpret a Regression Model with Low R-squared and Low P values},
  howpublished = {The Minitab Blog},
  month        = jun,
  year         = {2014},
  url          = {http://blog.minitab.com/blog/adventures-in-statistics-2/how-to-interpret-a-regression-model-with-low-r-squared-and-low-p-values},
}

@Misc{Davis2012,
  author       = {Jason Davis},
  title        = {Of inclinations and azimuths},
  howpublished = {The Planetary Society},
  month        = apr,
  year         = {2012},
  url          = {http://www.planetary.org/blogs/guest-blogs/jason-davis/3450.html},
}

@Misc{Wikipedia17,
  author = {Wikipedia},
  title  = {Template:Infobox},
  month  = feb,
  year   = {17},
  url    = {https://en.wikipedia.org/wiki/Template:Infobox#Infoboxes_and_user_style},
}

@Book{Muirden1982,
  title     = {Astronomy Handbook},
  publisher = {Arco},
  year      = {1982},
  author    = {James Muirden},
  editor    = {Vanessa Clarke},
}

@Manual{Aeronautics1995,
  title        = {Extravehicular Activity (EVA)},
  author       = {National Aeronautics and Space Administration},
  organization = {National Aeronautics and Space Administration},
  edition      = {Revision B},
  month        = jul,
  year         = {1995},
  url          = {https://msis.jsc.nasa.gov/sections/section14.htm},
}

@Comment{jabref-meta: databaseType:bibtex;}
