% Encoding: UTF-8

@Misc{Hsu2010,
  author       = {Jeremy Hsu},
  title        = {NASA to Boost Speed of Deep Space Communications},
  howpublished = {Astrobiology Magazine},
  month        = jan,
  year         = {2010},
  url          = {https://www.space.com/7815-nasa-boost-speed-deep-space-communications.html},
}

@Misc{Allain2015,
  author       = {Rhett Allain},
  title        = {What’s So Special About Low Earth Orbit?},
  howpublished = {WIRED},
  month        = oct,
  year         = {2015},
  url          = {https://www.wired.com/2015/09/whats-special-low-earth-orbit/},
}

@Misc{Laboratory2017,
  author       = {Jet Propulsion Laboratory},
  title        = {Voyager Mission Status},
  howpublished = {California Institute of Technology},
  month        = nov,
  year         = {2017},
  url          = {https://voyager.jpl.nasa.gov/mission/status/},
}

@Article{Facts2005,
  author  = {NASA Facts},
  title   = {Deep Space Network},
  journal = {Jet Propulsion Laboratory: California Institute of Technology},
  year    = {2005},
}

@Misc{ERA2017,
  author       = {ERA},
  title        = {tracking network operations},
  howpublished = {Estrack Operations},
  month        = nov,
  year         = {2017},
  url          = {http://www.esa.int/Our_Activities/Operations/Estrack/Estrack_ground_stations},
}

@Misc{2011,
  author       = {physorg},
  title        = {China 'has Australia space tracking station'},
  howpublished = {Phys.org},
  month        = nov,
  year         = {2011},
  url          = {https://phys.org/news/2011-11-china-australia-space-tracking-station.html},
}

@Misc{Parnell2017,
  author       = {Brid-Aine Parnell},
  title        = {Mars Orbiter Has Circled The Planet 50,000 Times},
  howpublished = {forbes.com},
  month        = mar,
  year         = {2017},
  url          = {https://www.forbes.com/sites/bridaineparnell/2017/03/30/mars-orbiter-has-circled-the-planet-50000-times/#297356ed65fd},
}

@Article{Laboratory2017a,
  author  = {Jet Propulsion Laboratory},
  title   = {Prolific Mars Orbiter Completes 50,000 Orbits},
  journal = {California Institute of Technology},
  year    = {2017},
  url     = {https://www.jpl.nasa.gov/news/news.php?release=2017-094},
}

@Article{AndrewODea2013,
  author  = {Andrew O'Dea, Timothy T. Pham},
  title   = {Telemetry Data Decoding},
  journal = {Calofornia Institute of Technology},
  year    = {2013},
  volume  = {208},
  number  = {JPL D-19379},
}

@Misc{Sakushi17,
  author       = {Nagano Saku-shi},
  title        = {Usada Deep Space Center},
  howpublished = {Japan Aerospace Exploration Agency},
  month        = nov,
  year         = {17},
  url          = {http://global.jaxa.jp/about/centers/udsc/index.html},
}

@Misc{Network2012,
  author       = {Indian Deep Space Network},
  title        = {Indian Deep Space Network (IDSN): India's First Scientific Mission to Moon},
  howpublished = {vssc.gov.in},
  month        = oct,
  year         = {2012},
  url          = {http://www.vssc.gov.in/VSSC_V4/index.php/ground-segment/82-chandrayaan-1/967-indian-deep-space-network-idsn},
}

@Misc{Metry2013,
  author       = {Metry},
  title        = {Metry – Telemetry and big-data framework},
  howpublished = {ESA Technology Exchange},
  month        = jan,
  year         = {2013},
  note         = {Reference No. TDO0094},
  url          = {http://www.esa-tec.eu/space-technologies/from-space/metry-telemetry-and-big-data-framework/},
}

@Misc{Mitchell2003,
  author = {Don P. Mitchell},
  title  = {Soviet Telemetry Systems},
  month  = dec,
  year   = {2003},
  url    = {http://mentallandscape.com/V_Telemetry.htm},
}

@Misc{revolvy2012,
  author       = {revolvy},
  title        = {Soviet Deep Space Network},
  howpublished = {revolvy.com},
  year         = {2012},
  url          = {https://www.revolvy.com/main/index.php?s=Soviet%20Deep%20Space%20Network},
}

@Misc{Luan2015,
  author       = {Luan},
  title        = {Chinese space station is ``for exclusively scientific and civilian purposes'': Argentine gov't},
  howpublished = {News.cn},
  month        = jun,
  year         = {2015},
  url          = {http://news.xinhuanet.com/english/2015-06/30/c_134368151.htm},
}

@Article{Cola2011,
  author  = {Tomaso de Cola, Enrico Paolini, Gianluigi Liva},
  title   = {Reliability Options for Data Communications in the Future Deep-Space Missions},
  journal = {IEEE Proceedings},
  year    = {2011},
  volume  = {99},
  number  = {11},
  pages   = {2056-2074},
  month   = nov,
}

@Article{Deb2001,
  author  = {Somnath Deb, Chuck Domagala, Sudipto Ghoshal, Ann PattersonHine, Richard Alena},
  title   = {Remote diagnosis of the International Space Station utilizing telemetry data},
  journal = {SPIE Proceedings},
  year    = {2001},
  volume  = {4389},
  month   = jul,
  doi     = {10.1117/12.434253},
}

@Misc{Pages2013,
  author       = {NASA Mission Pages},
  title        = {NASA Beams Mona Lisa to Lunar Reconnaissance Orbiter at the Moon},
  howpublished = {nasa.gov},
  month        = jan,
  year         = {2013},
  url          = {https://www.nasa.gov/mission_pages/LRO/news/mona-lisa.html},
}

@Misc{JoshuaBuck2013,
  author       = {Joshua Buck, Dewayne Washington},
  title        = {NASA Laser Communication System Sets Record with Data Transmissions to and from Moon},
  howpublished = {nasa.gov},
  month        = oct,
  year         = {2013},
  note         = {Release 13-309},
  url          = {https://www.nasa.gov/press/2013/october/nasa-laser-communication-system-sets-record-with-data-transmissions-to-and-from/#.Wf-6W4hry70},
}

@Article{Bricker1990,
  author  = {P. Bricker, J. Luecke, D. Herr},
  title   = {Integrated receiver for NASA tracking and data relay satellite system},
  journal = {IEEE Spectrum},
  year    = {1990},
  doi     = {10.1109/MILCOM.1990.117374},
}

@Article{Edwards1998,
  author  = {Edwards, C. Jr.; Stelzried, C.; Deutsch, L.; Swanson, L.},
  title   = {NASA's Deep Space Telecommunications Roadmap},
  journal = {SpaceOps '98},
  year    = {1998},
  url     = {http://hdl.handle.net/2014/19388},
}

@Misc{Port2016,
  author       = {Jake Port},
  title        = {Where do deep space probes get their power?},
  howpublished = {cosmosmagazine},
  month        = jul,
  year         = {2016},
  url          = {https://cosmosmagazine.com/technology/where-do-deep-space-probes-get-their-power-from},
}

@Misc{Jacobson2016,
  author       = {Amber Jacobson; Ashley Hume},
  title        = {NASA Communications Network to Double Space Station Data Rates},
  howpublished = {NASA Space Communications},
  month        = dec,
  year         = {2016},
  url          = {https://www.nasa.gov/feature/goddard/2016/nasa-communications-network-to-double-space-station-data-rates},
}

@Book{Imbriale2002,
  title     = {Large Antennas of the Deep Space Network},
  publisher = {Issued by the Deep-Space Communications and Navigation Systems Center of Excellence},
  year      = {2002},
  author    = {William A. Imbriale},
  editor    = {Joseph H. Yuen},
}

@Article{Betts2017,
  author  = {Bradley J. Betts; Rommel Del Mundo; Sharif Elcott; Dawn McIntosh; Brian Niehaus; Richard Papasin; Robert W. Mah},
  title   = {A Data Management System for Internatioja;International Space Station Simulation Tools},
  journal = {Smary Systems Research LAboratory NASA Ames Research Center},
  year    = {2017},
}

@Comment{jabref-meta: databaseType:bibtex;}
